<record><leader>00000cas a22000007a 4500</leader><controlfield tag="001">9849191</controlfield><controlfield tag="008">830826d18611871nyuwr ne      0    0eng d</controlfield><datafield ind1=" " ind2=" " tag="010"><subfield code="a">sn 83031450 </subfield></datafield><datafield ind1=" " ind2=" " tag="040"><subfield code="a">NPU</subfield><subfield code="b">eng</subfield><subfield code="c">NPU</subfield><subfield code="d">NYS</subfield><subfield code="d">OCL</subfield><subfield code="d">DLC</subfield><subfield code="d">OCLCF</subfield><subfield code="d">OCLCO</subfield></datafield><datafield ind1=" " ind2=" " tag="042"><subfield code="a">msc</subfield></datafield><datafield ind1="0" ind2=" " tag="130"><subfield code="a">Recorder &amp; democrat (Catskill, N.Y. : 1861)</subfield></datafield><datafield ind1="0" ind2="0" tag="245"><subfield code="a">Recorder and Democrat.</subfield></datafield><datafield ind1="0" ind2="0" tag="246"><subfield code="a">Recorder &amp; Democrat</subfield></datafield><datafield ind1=" " ind2=" " tag="260"><subfield code="a">Catskill, Greene County, N.Y. :</subfield><subfield code="b">[Jos. B. Hall and Phillip Deyo],</subfield><subfield code="c">1861-1871.</subfield></datafield><datafield ind1=" " ind2=" " tag="300"><subfield code="a">11 v. ;</subfield><subfield code="c">69 cm.</subfield></datafield><datafield ind1=" " ind2=" " tag="310"><subfield code="a">Weekly</subfield></datafield><datafield ind1="0" ind2=" " tag="362"><subfield code="a">Vol. 59, no. 13 (Mar. 14, 1861)-v. 69, no. 28 (June 23, 1871).</subfield></datafield><datafield ind1=" " ind2=" " tag="500"><subfield code="a">Published every Thursday.</subfield></datafield><datafield ind1=" " ind2=" " tag="500"><subfield code="a">Published as: Recorder &amp; Democrat, Aug. 18, 1864-Dec. 7, 1866.</subfield></datafield><datafield ind1=" " ind2="0" tag="651"><subfield code="a">Catskill (N.Y.)</subfield><subfield code="v">Newspapers.</subfield></datafield><datafield ind1=" " ind2="7" tag="655"><subfield code="a">Newspapers.</subfield><subfield code="2">fast</subfield><subfield code="0">(OCoLC)fst01423814</subfield></datafield><datafield ind1=" " ind2="7" tag="651"><subfield code="a">New York (State)</subfield><subfield code="z">Catskill.</subfield><subfield code="2">fast</subfield><subfield code="0">(OCoLC)fst01222261</subfield></datafield><datafield ind1=" " ind2=" " tag="752"><subfield code="a">United States</subfield><subfield code="b">New York</subfield><subfield code="c">Greene</subfield><subfield code="d">Catskill.</subfield></datafield><datafield ind1="0" ind2="0" tag="780"><subfield code="t">Catskill recorder &amp; Democrat and Democratic herald</subfield><subfield code="w">(DLC)sn 84031829</subfield><subfield code="w">(OCoLC)11244689</subfield></datafield><datafield ind1="0" ind2="0" tag="785"><subfield code="t">Catskill recorder (Catskill, N.Y. : 1871)</subfield><subfield code="w">(DLC)sn 83031456</subfield><subfield code="w">(OCoLC)9932659</subfield></datafield></record>